<?xml version="1.0" encoding="UTF-8"?><record xmlns="http://www.loc.gov/MARC21/slim" xmlns:cinclude="http://apache.org/cocoon/include/1.0" xmlns:zs="http://www.loc.gov/zing/srw/">
  <leader>00558cz  a2200133n  4500</leader>
  <controlfield tag="001">n  95009237 </controlfield>
  <controlfield tag="003">DLC</controlfield>
  <controlfield tag="005">19980224104413.8</controlfield>
  <controlfield tag="008">950130n| acannaab|          |n aaa |||  </controlfield>
  <datafield tag="010" ind1=" " ind2=" ">
    <subfield code="a">n  95009237 </subfield>
  </datafield>
  <datafield tag="040" ind1=" " ind2=" ">
    <subfield code="a">DLC</subfield>
    <subfield code="c">DLC</subfield>
    <subfield code="d">DLC</subfield>
  </datafield>
  <datafield tag="100" ind1="1" ind2="0">
    <subfield code="a">Blauert, Jutta</subfield>
  </datafield>
  <datafield tag="670" ind1=" " ind2=" ">
    <subfield code="a">Retos para el desarrollo y la democracia, 1994:</subfield>
    <subfield code="b">t.p. (Jutta Blauert) flap (especialista en sociologiĚa rural, profesora e investigadora, Instituto de Estudios Latinoamericanos, Universidad de Londres)</subfield>
  </datafield>
  <datafield tag="670" ind1=" " ind2=" ">
    <subfield code="a">Mediating sustainability, 1998:</subfield>
    <subfield code="b">CIP t.p. (Jutta Blauert) datasheet (b. 05-05-1958)</subfield>
  </datafield>
</record>